% Works not in the gp-bibliography.bib file.

@book{Robinson:GraphDB:Book,
	author = {Ian Robinson and Jim Webber and Emil Eifrem},
	title = {Graph Databases},
	year = {2013},
	publisher = {O'Reilly},
	isbn = {978-1449356262},
	url = {http://info.neotechnology.com/rs/neotechnology/images/GraphDatabases.pdf},
	urldate = {2015-03-22},
}

@inproceedings{helmuth:GECCO15,
	author = {Thomas Helmuth and Lee Spector},
	editor = {tons},
	title = {"Tom's cool GECCO 2015 paper"},
	booktitle = {GECCO proceedings, 2015},
	year = {2015}
}

@inproceedings{mcphee:GECCO15,
	author = {Nicholas Freitag McPhee and M. Kirbie Dramdahl and David Donatucci},
	editor = {tons},
	title = {Impact of Crossover Bias in Genetic Programming},
	booktitle = {GECCO proceedings, 2015},
	year = {2015}
}

@inproceedings{donatuccianalysis,
	title={Analysis of Genetic Programming Ancestry Using a Graph Database},
	author={Donatucci, David and Dramdahl, M Kirbie and McPhee, Nicholas Freitag},
	booktitle = {Proceedings of the Midwest Instruction and Computing Symposium},
	year={2014},
	eventtitle = {MICS 2014},
	eventdate = {April 25-26, 2014},
	url = {http://goo.gl/RZXY2U},
	urldate = {2015-03-22},
}
