@inproceedings{Burlacu:2013:VGL:2464576.2482714,
 author = {Burlacu, Bogdan and Affenzeller, Michael and Kommenda, Michael and Winkler, Stephan and Kronberger, Gabriel},
 title = {Visualization of Genetic Lineages and Inheritance Information in Genetic Programming},
 booktitle = {Proceedings of the 15th Annual Conference Companion on Genetic and Evolutionary Computation},
 series = {GECCO '13 Companion},
 year = {2013},
 isbn = {978-1-4503-1964-5},
 location = {Amsterdam, The Netherlands},
 pages = {1351--1358},
 numpages = {8},
 url = {http://doi.acm.org/10.1145/2464576.2482714},
 doi = {10.1145/2464576.2482714},
 acmid = {2482714},
 publisher = {ACM},
 address = {New York, NY, USA},
 keywords = {algorithm analysis, genetic programming, population genealogy, visualization},
}